% This file was created with JabRef 2.8.1.
% Encoding: Cp1252

@book{bringhurst:2002,
  title = {{T}he {E}lements of {T}ypographic {S}tyle},
  publisher = {Hartley \& Marks Publishers},
  year = {2013},
  author = {Robert Bringhurst},
  series = {Version 4.0: 20th Anniversary Edition},
  address = {Point Roberts, WA, USA}
}
@book{han:2016,
  title = {Die Austreibung des Anderen},
  publisher = {S. Fischer Verlag GmbH},
  year = {2016},
  author = {Byung-Chul Han},
  address = {Frankfurt am Main, Deutschland}
}

