@inbook{Heininger2010,
  title={Erhaben},
  author={Heininger, J\"{o}rg},
  isbn={978-3-476-02355-1},
  year={2010},
  address={Stuttgart},
  editor={Barck, Karlheinz and Fontius, Martin and Schlenstedt, Dieter and Steinwachs, Burckhart and Wolfzettel, Friedrich},
  pages={275--310},
  series={\"{A}sthetische Grundbegriffe, Studienausgabe, Band 2},
  publisher={J.{\,}B. Metzler'sche Verlagsbuchhandlung und Carl Ernst Poeschel Verlag GmbH}
}
@article{Bertinetto2007,
  author={Bertinetto, Alessandro},
  title={Negative Darstellung: Das Erhabene bei Kant und Hegel},
  year={2007},
  publisher={Walter de Gruyter},
  address={Berlin},
  pages={121--148},
  editor={Karl Ameriks},
  volume={Internationales Jahrbuch des Deutschen Idealismus 2006}
}
@incollection{Benjamin1936Erzaehler,
  author={Benjamin, Walter},
  title={Der Erz{\"a}hler. Betrachtungen zum Werk Nikolai Lesskows.},
  booktitle={Illuminationen},
  publisher={Suhrkamp},
  year={1936},
  address={Frankfurt a. M.},
  isbn = {978-3-518-36845-9},
  series={Ausgew{\"a}hlte Schriften, 17. Auflage 2015, urspr{\"u}nglich erschienen in {\glqq}Orient und Okzident{\grqq}}},
  editor={Siegfried Unseld}
}
@book{SchillerPathetischErhaben,
  title = {Vom Pathetischen und Erhabenen. Schriften zur Dramentheorie},
  publisher = {Reclam},
  year = {1793-1801},
  isbn = {978-3-15-018673-2},
  author = {Schiller, Friedrich},
  series = {Auflage von 2009, Universalbibliothek Nr. 18213},
  address = {Stuttgart}
}
@book{SchillerNaiveDichtung,
  title = {{\"U}ber naive und sentimentalische Dichtung},
  publisher = {Reclam},
  year = {1795},
  author = {Schiller, Friedrich},
  isbn = {978-3-15-018213-0},
  series = {Revidierte Auflage von 1978, Universalbibliothek Nr. 7756},
  address = {Stuttgart}
}
@book{Kant1790,
  title = {Kritik der Urteilskraft},
  publisher = {Felix Meiner Verlag},
  year = {1790},
  isbn = {978-3-7873-1948-0},
  author = {Kant, Immanuel},
  series = {Philosophische Bibliothek Band 507, 3. Auflage 2009},
  address = {Hamburg}
}
@book{Kant1764,
  title = {Beobachtungen \"{u}ber das Gef\"{u}hl des Sch\"{o}nen und Erhabenen},
  publisher = {Suhrkamp Verlag},
  year = {1764},
  isbn = {978-3-518-27787-4},
  author = {Kant, Immanuel},
  series = {Werkausgabe in 12 B\"{a}nden: Band 2, 1. Auflage, 1996},
  address = {Berlin}
}
@book{Hegel1986,
  title = {Vorlesungen \"{u}ber die \"{A}sthetik},
  publisher = {Suhrkamp Taschenbuch Verlag},
  year = {1832-1835},
  author = {Hegel, Georg Wilhelm Friedrich},
  series = {Werke 13, 13. Auflage 2016},
  address = {Frankfurt am Main}
}
@book{Bringhurst2002,
  title = {{T}he {E}lements of {T}ypographic {S}tyle},
  publisher = {Hartley \& Marks Publishers},
  year = {2013},
  author = {Robert Bringhurst},
  series = {Version 4.0: 20th Anniversary Edition},
  address = {Point Roberts, WA, USA}
}
@book{Han2016,
  title = {Die Austreibung des Anderen},
  publisher = {S. Fischer Verlag GmbH},
  year = {2016},
  author = {Byung-Chul Han},
  address = {Frankfurt am Main, Deutschland}
}
@article{Schroedinger1935,
  author={Schr√∂dinger, Erwin},
  title={Die gegenw{\"a}rtige Situation in der Quantenmechanik},
  year={1935},
  publisher={Springer},
  address={Berlin},
  pages={807--812},
  volume={Die Naturwissenschaften 48}
}
@inbook{Salome1910,
  title={Die Erotik},
  author={Lou Andreas-Salom{\'e}},
  isbn={978-3-942-37897-0},
  year={1910},
  address={Zitierte Ausgabe: Berlin},
  editor={Buber, Martin},
  series={Die Gesellschaft. Sammlung sozialpsychologischer Monographien, 33. Band, Literarische Anstalt R\"{u}tten {\&} Loenig, Frankfurt am Main},
  publisher={Einzelausgabe 2014, Omnium Verlag}
}
@book{Schrott2016ErsteErde,
  title={Erste Erde. Epos.},
  author={Raoul Schrott},
  isbn={9783518281017},
  series={Werkausgabe Band 1},
  year={2014},
  address={Frankfurt am Main},
  publisher={Suhrkamp Taschenbuch Wissenschaft}
}
@book{Wittgenstein1918,
  title={Tractatus logico-philosophico},
  author={Ludwig Wittgenstein},
  isbn={9783518281017},
  series={Werkausgabe Band 1},
  year={2014},
  address={Frankfurt am Main},
  publisher={Suhrkamp Taschenbuch Wissenschaft}
}
@book{Cassin2014,
  title={Dictionary of Untranslatables: A Philosophical Lexicon},
  author={Cassin, B. and Apter, E. and Lezra, J. and Wood, M.},
  isbn={9781400849918},
  series={Translation/Transnation},
  year={2014},
  publisher={Princeton University Press}
}
@book{Hegel1987,
  title={Ph{\"{a}}nomenologie des Geistes},
  author={Hegel, Georg Wilhelm Friedrich},
  editor={Bonsiepen, Wolfgang and Clairmont, Heinrich and Wessels, Hans-Friedrich},
  address={Hamburg},
  year={1807},
  note={1987},
  publisher={Felix Meiner Verlag},
  isbn={9783787307692}
}
@book{Wieland2005,
  title={Geschichte der Philosophie in Text und Darstellung},
  volume={1 (Antike)},
  author={Wieland, Wolfgang},
  address={Stuttgart},
  year={2005},
  publisher={Reclam},
  isbn={3150099110}
}
@book{Blumenberg1960,
  title={Paradigmen zu einer Metaphorologie},
  author={Blumenberg, Hans},
  address={Bonn},
  year={1960},
  publisher={Bouvier (Archiv f{\"{u}}r Begriffsgeschichte 6)}
}
@book{Blumenberg1979,
  title={Schiffbruch mit Zuschauer},
  author={Blumenberg, Hans},
  address={Frankfurt am Main},
  year={1979},
  publisher={Suhrkamp},
  isbn={9783518222638}
}
@incollection{Schadewaldt1960,
  author={Schadewaldt, Wolfgang},
  title={Das Wort der Dichtung},
  booktitle={Wort und Wirklichkeit},
  publisher={Oldenbourg},
  year={1960},
  address={M{\"{u}}nchen},
  series={Sechste Folge des Jahrbuchs Gestalt und Gedanke},
  editor={{Bayerische Akademie der Sch{\"{o}}nen K{\"{u}}nste}, }
}
